<?xml version="1.0" encoding="UTF-8"?><record xmlns="http://www.loc.gov/MARC21/slim" xmlns:cinclude="http://apache.org/cocoon/include/1.0" xmlns:zs="http://www.loc.gov/zing/srw/">
  <leader>00674cz  a2200169n  4500</leader>
  <controlfield tag="001">n  85242130 </controlfield>
  <controlfield tag="003">DLC</controlfield>
  <controlfield tag="005">20000608064338.0</controlfield>
  <controlfield tag="008">860711n| acannaabn          |a aaa      </controlfield>
  <datafield tag="010" ind1=" " ind2=" ">
    <subfield code="a">n  85242130 </subfield>
  </datafield>
  <datafield tag="035" ind1=" " ind2=" ">
    <subfield code="a">(OCoLC)oca01656639</subfield>
  </datafield>
  <datafield tag="040" ind1=" " ind2=" ">
    <subfield code="a">DLC</subfield>
    <subfield code="b">eng</subfield>
    <subfield code="c">DLC</subfield>
    <subfield code="d">DLC</subfield>
    <subfield code="d">OCoLC</subfield>
  </datafield>
  <datafield tag="100" ind1="1" ind2=" ">
    <subfield code="a">Sorochan, E. A.</subfield>
    <subfield code="q">(Evgeniĭ Andreevich)</subfield>
  </datafield>
  <datafield tag="400" ind1="1" ind2=" ">
    <subfield code="a">Sorochan, Evgeniĭ Andreevich</subfield>
  </datafield>
  <datafield tag="400" ind1="1" ind2=" ">
    <subfield code="a">So-lo-chʻang, E. A.</subfield>
  </datafield>
  <datafield tag="670" ind1=" " ind2=" ">
    <subfield code="a">Osnovanii︠a︡, fundamenty i podzemnye sooruzhenii︠a︡, 1985:</subfield>
    <subfield code="b">t.p. (E. A. Sorochana, d-ra tekhn. nauk) colophon (Evgeniĭ Andreevich Sorochan)</subfield>
  </datafield>
  <datafield tag="670" ind1=" " ind2=" ">
    <subfield code="a">Pʻeng chang tʻu shang chien chu wu ti she chi yü shih kung, 1982:</subfield>
    <subfield code="b">t.p. (E.A. So-lo-chʻang)</subfield>
  </datafield>
</record>